%\bibpunct{(}{)}{;}{a}{,}{,}

@article{photon2010,
  title={{Monitoraggi Immaturi}},
  author={Podewils, C.},
  journal={Photon - il mensile del fotovoltaico},
  pages={22--24},
  year={2010}
};

@misc{gse2010,
  title={{Rapporto Statistico 2010 - Solare Fotovoltaico}},
  institution={Direzione Studi, Statistiche e Servizi Specialisti - GSE},
  url={http://goo.gl/2DxoQ},
  year={2011}
};